@article{Schweighart2002,
author={Schweighart, Samuel A. and Sedwick, Raymond J.},
title={{High-Fidelity Linearized $J_2$ Model for Satellite Formation Flight}},
journal={Journal of Guidance, Control, and Dynamics},
year={2002},
month={Nov},
day={01},
publisher={American Institute of Aeronautics and Astronautics},
volume={25},
number={6},
pages={1073-1080},
issn={0731-5090},
doi={10.2514/2.4986},
url={https://doi.org/10.2514/2.4986}
}
@article{Hadaegh2016,
author = {Hadaegh, Fred Y. and Chung, Soon Jo and Manohara, Harish M.},
doi = {10.1109/JSYST.2014.2327972},
issn = {19379234},
journal = {IEEE Systems Journal},
keywords = {Autonomous agents,Control systems,Distributed control,Satellites,Space technology},
number = {2},
pages = {673--684},
title = {{On development of 100-gram-class spacecraft for swarm applications}},
volume = {10},
year = {2016}
}
