@article{Bandyopadhyay2016,
author = {Bandyopadhyay, Saptarshi and Foust, Rebecca and Subramanian, Giri P. and Chung, Soon-Jo and Hadaegh, Fred Y.},
doi = {10.2514/1.A33291},
issn = {0022-4650},
journal = {Journal of Spacecraft and Rockets},
number = {3},
pages = {567--578},
title = {{Review of Formation Flying and Constellation Missions Using Nanosatellites}},
url = {http://arc.aiaa.org/doi/10.2514/1.A33291},
volume = {53},
year = {2016}
}
@misc{Zernike,
author = {wikipedia.org},
title = {{Zernike polynomials}},
howpublished = {\url{https://en.wikipedia.org/wiki/Zernike_polynomials}},
note = {Accessed: 2017-06-27}
}
@book{FourierOptics,
title = {{フーリエ光学}},
author = {{Joseph W. Goodman. Trans. by 尾崎 義治, 朝倉 利光}},
translator = {尾崎 義治 and 朝倉 利光},
edition= 3,
year = {2012},
publisher = {森北出版株式会社},
related={FourierOpticsJapanese},
relatedtype={translatedas}
}
